
@article{Wilson:1970ag,
      author         = "Wilson, Kenneth G.",
      title          = "{The Renormalization Group and Strong Interactions}",
      journal        = "Phys. Rev.",
      volume         = "D3",
      year           = "1971",
      pages          = "1818",
      doi            = "10.1103/PhysRevD.3.1818",
      reportNumber   = "SLAC-PUB-0807",
      SLACcitation   = "%%CITATION = PHRVA,D3,1818;%%"
}
@article{Miller:2007ri,
      author         = "Miller, Michael L. and Reygers, Klaus and Sanders,
                        Stephen J. and Steinberg, Peter",
      title          = "{Glauber modeling in high energy nuclear collisions}",
      journal        = "Ann. Rev. Nucl. Part. Sci.",
      volume         = "57",
      year           = "2007",
      pages          = "205-243",
      doi            = "10.1146/annurev.nucl.57.090506.123020",
      eprint         = "nucl-ex/0701025",
      archivePrefix  = "arXiv",
      primaryClass   = "nucl-ex",
      SLACcitation   = "%%CITATION = NUCL-EX/0701025;%%"
}
@article{Bilandzic:2010jr,
      author         = "Bilandzic, Ante and Snellings, Raimond and Voloshin,
                        Sergei",
      title          = "{Flow analysis with cumulants: Direct calculations}",
      journal        = "Phys. Rev.",
      volume         = "C83",
      year           = "2011",
      pages          = "044913",
      doi            = "10.1103/PhysRevC.83.044913",
      eprint         = "1010.0233",
      archivePrefix  = "arXiv",
      primaryClass   = "nucl-ex",
      SLACcitation   = "%%CITATION = ARXIV:1010.0233;%%"
}
@article{Khachatryan:2016txc,
      author         = "Khachatryan, Vardan and others",
      title          = "{Evidence for collectivity in pp collisions at the LHC}",
      collaboration  = "CMS",
      journal        = "Phys. Lett.",
      volume         = "B765",
      year           = "2017",
      pages          = "193-220",
      doi            = "10.1016/j.physletb.2016.12.009",
      eprint         = "1606.06198",
      archivePrefix  = "arXiv",
      primaryClass   = "nucl-ex",
      reportNumber   = "CMS-HIN-16-010, CERN-EP-2016-147",
      SLACcitation   = "%%CITATION = ARXIV:1606.06198;%%"
}
@article{Bertens:2017krr,
      author         = "Bertens, R. A.",
      title          = "{Anisotropic flow of inclusive and identified particles
                        in Pb--Pb collisions at $\sqrt{s_{\rm NN}} = 5.02$ TeV}",
      collaboration  = "ALICE",
      year           = "2017",
      eprint         = "1704.03028",
      archivePrefix  = "arXiv",
      primaryClass   = "nucl-ex",
      SLACcitation   = "%%CITATION = ARXIV:1704.03028;%%"
}
@article{Jacazio:2017dvy,
      author         = "Nicoì O. Jacazio",
      title          = "{Production of identified and unidentified charged
                        hadrons in Pb-Pb collisions at $\sqrt{s_{\rm NN}}$
                        5.02TeV}",
      collaboration  = "ALICE",
      year           = "2017",
      eprint         = "1704.06030",
      archivePrefix  = "arXiv",
      primaryClass   = "nucl-ex",
      SLACcitation   = "%%CITATION = ARXIV:1704.06030;%%"
}
@article{Floris:2014pta,
      author         = "Floris, Michele",
      title          = "{Hadron yields and the phase diagram of strongly
                        interacting matter}",
      booktitle      = "{Proceedings, 24th International Conference on
                        Ultra-Relativistic Nucleus-Nucleus Collisions (Quark
                        Matter 2014): Darmstadt, Germany, May 19-24, 2014}",
      journal        = "Nucl. Phys.",
      volume         = "A931",
      year           = "2014",
      pages          = "103-112",
      doi            = "10.1016/j.nuclphysa.2014.09.002",
      eprint         = "1408.6403",
      archivePrefix  = "arXiv",
      primaryClass   = "nucl-ex",
      SLACcitation   = "%%CITATION = ARXIV:1408.6403;%%"
}
@article{Abelev:2013haa,
      author         = "Abelev, Betty Bezverkhny and others",
      title          = "{Multiplicity Dependence of Pion, Kaon, Proton and Lambda
                        Production in p-Pb Collisions at $\sqrt{s_{NN}}$ = 5.02
                        TeV}",
      collaboration  = "ALICE",
      journal        = "Phys. Lett.",
      volume         = "B728",
      year           = "2014",
      pages          = "25-38",
      doi            = "10.1016/j.physletb.2013.11.020",
      eprint         = "1307.6796",
      archivePrefix  = "arXiv",
      primaryClass   = "nucl-ex",
      reportNumber   = "CERN-PH-EP-2013-135",
      SLACcitation   = "%%CITATION = ARXIV:1307.6796;%%"
}
@article{ALICE:2017jyt,
      author         = "Adam, Jaroslav and others",
      title          = "{Enhanced production of multi-strange hadrons in
                        high-multiplicity proton-proton collisions}",
      collaboration  = "ALICE",
      journal        = "Nature Phys.",
      volume         = "13",
      year           = "2017",
      pages          = "535-539",
      doi            = "10.1038/nphys4111",
      eprint         = "1606.07424",
      archivePrefix  = "arXiv",
      primaryClass   = "nucl-ex",
      reportNumber   = "CERN-EP-2016-153",
      SLACcitation   = "%%CITATION = ARXIV:1606.07424;%%"
}
@article{Abelev:2009jv,
      author         = "Abelev, B. I. and others",
      title          = "{Three-particle coincidence of the long range
                        pseudorapidity correlation in high energy nucleus-nucleus
                        collisions}",
      collaboration  = "STAR",
      journal        = "Phys. Rev. Lett.",
      volume         = "105",
      year           = "2010",
      pages          = "022301",
      doi            = "10.1103/PhysRevLett.105.022301",
      eprint         = "0912.3977",
      archivePrefix  = "arXiv",
      primaryClass   = "hep-ex",
      SLACcitation   = "%%CITATION = ARXIV:0912.3977;%%"
}
@article{Alver:2009id,
      author         = "Alver, B. and others",
      title          = "{High transverse momentum triggered correlations over a
                        large pseudorapidity acceptance in Au+Au collisions at
                        s(NN)**1/2 = 200 GeV}",
      collaboration  = "PHOBOS",
      journal        = "Phys. Rev. Lett.",
      volume         = "104",
      year           = "2010",
      pages          = "062301",
      doi            = "10.1103/PhysRevLett.104.062301",
      eprint         = "0903.2811",
      archivePrefix  = "arXiv",
      primaryClass   = "nucl-ex",
      SLACcitation   = "%%CITATION = ARXIV:0903.2811;%%"
}
@article{Alver:2008aa,
      author         = "Alver, B. and others",
      title          = "{System size dependence of cluster properties from
                        two-particle angular correlations in Cu+Cu and Au+Au
                        collisions at s(NN)**(1/2) = 200-GeV}",
      collaboration  = "PHOBOS",
      journal        = "Phys. Rev.",
      volume         = "C81",
      year           = "2010",
      pages          = "024904",
      doi            = "10.1103/PhysRevC.81.024904",
      eprint         = "0812.1172",
      archivePrefix  = "arXiv",
      primaryClass   = "nucl-ex",
      SLACcitation   = "%%CITATION = ARXIV:0812.1172;%%"
}
@article{Khachatryan:2010gv,
      author         = "Khachatryan, Vardan and others",
      title          = "{Observation of Long-Range Near-Side Angular Correlations
                        in Proton-Proton Collisions at the LHC}",
      collaboration  = "CMS",
      journal        = "JHEP",
      volume         = "09",
      year           = "2010",
      pages          = "091",
      doi            = "10.1007/JHEP09(2010)091",
      eprint         = "1009.4122",
      archivePrefix  = "arXiv",
      primaryClass   = "hep-ex",
      reportNumber   = "CMS-QCD-10-002, CERN-PH-EP-2010-031",
      SLACcitation   = "%%CITATION = ARXIV:1009.4122;%%"
}
@article{Andronic:2015wma,
      author         = "Andronic, A. and others",
      title          = "{Heavy-flavour and quarkonium production in the LHC era:
                        from proton–proton to heavy-ion collisions}",
      journal        = "Eur. Phys. J.",
      volume         = "C76",
      year           = "2016",
      number         = "3",
      pages          = "107",
      doi            = "10.1140/epjc/s10052-015-3819-5",
      eprint         = "1506.03981",
      archivePrefix  = "arXiv",
      primaryClass   = "nucl-ex",
      SLACcitation   = "%%CITATION = ARXIV:1506.03981;%%"
}
@article{Acharya:2017tgv,
      author         = "Acharya, Shreyasi and others",
      title          = "{J/$\psi$ elliptic flow in Pb-Pb collisions at
                        $\mathbf{\sqrt{s_{\rm NN}}}$ = 5.02 TeV}",
      collaboration  = "ALICE",
      year           = "2017",
      eprint         = "1709.05260",
      archivePrefix  = "arXiv",
      primaryClass   = "nucl-ex",
      reportNumber   = "CERN-EP-2017-237",
      SLACcitation   = "%%CITATION = ARXIV:1709.05260;%%"
}
@article{Khachatryan:2016xxp,
      author         = "Khachatryan, Vardan and others",
      title          = "{Suppression of $\Upsilon(1S), \Upsilon(2S)$ and
                        $\Upsilon(3S)$ production in PbPb collisions at
                        $\sqrt{s_{\rm NN}}$ = 2.76 TeV}",
      collaboration  = "CMS",
      journal        = "Phys. Lett.",
      volume         = "B770",
      year           = "2017",
      pages          = "357-379",
      doi            = "10.1016/j.physletb.2017.04.031",
      eprint         = "1611.01510",
      archivePrefix  = "arXiv",
      primaryClass   = "nucl-ex",
      reportNumber   = "CMS-HIN-15-001, CERN-EP-2016-248",
      SLACcitation   = "%%CITATION = ARXIV:1611.01510;%%"
}
@article{Digal:2001ue,
      author         = "Digal, S. and Petreczky, P. and Satz, H.",
      title          = "{Quarkonium feed down and sequential suppression}",
      journal        = "Phys. Rev.",
      volume         = "D64",
      year           = "2001",
      pages          = "094015",
      doi            = "10.1103/PhysRevD.64.094015",
      eprint         = "hep-ph/0106017",
      archivePrefix  = "arXiv",
      primaryClass   = "hep-ph",
      reportNumber   = "BI-TP-2001-09",
      SLACcitation   = "%%CITATION = HEP-PH/0106017;%%"
}
@article{Du:2015wha,
      author         = "Du, Xiaojian and Rapp, Ralf",
      title          = "{Sequential Regeneration of Charmonia in Heavy-Ion
                        Collisions}",
      journal        = "Nucl. Phys.",
      volume         = "A943",
      year           = "2015",
      pages          = "147-158",
      doi            = "10.1016/j.nuclphysa.2015.09.006",
      eprint         = "1504.00670",
      archivePrefix  = "arXiv",
      primaryClass   = "hep-ph",
      SLACcitation   = "%%CITATION = ARXIV:1504.00670;%%"
}
@article{Sirunyan:2016znt,
      author         = "Sirunyan, Albert M and others",
      title          = "{Relative Modification of Prompt ψ(2S) and J/ψ Yields
                        from pp to PbPb Collisions at $\sqrt{s_{NN}}=5.02$ TeV}",
      collaboration  = "CMS",
      journal        = "Phys. Rev. Lett.",
      volume         = "118",
      year           = "2017",
      number         = "16",
      pages          = "162301",
      doi            = "10.1103/PhysRevLett.118.162301",
      eprint         = "1611.01438",
      archivePrefix  = "arXiv",
      primaryClass   = "nucl-ex",
      reportNumber   = "CMS-HIN-16-004, CERN-EP-2016-258",
      SLACcitation   = "%%CITATION = ARXIV:1611.01438;%%"
}
@article{Zhou:2014kka,
      author         = "Zhou, Kai and Xu, Nu and Xu, Zhe and Zhuang, Pengfei",
      title          = "{Medium effects on charmonium production at
                        ultrarelativistic energies available at the CERN Large
                        Hadron Collider}",
      journal        = "Phys. Rev.",
      volume         = "C89",
      year           = "2014",
      number         = "5",
      pages          = "054911",
      doi            = "10.1103/PhysRevC.89.054911",
      eprint         = "1401.5845",
      archivePrefix  = "arXiv",
      primaryClass   = "nucl-th",
      SLACcitation   = "%%CITATION = ARXIV:1401.5845;%%"
}
@article{Guo:2015nsa,
      author         = "Guo, Xingyu and Shi, Shuzhe and Xu, Nu and Xu, Zhe and
                        Zhuang, Pengfei",
      title          = "{Magnetic Field Effect on Charmonium Production in High
                        Energy Nuclear Collisions}",
      journal        = "Phys. Lett.",
      volume         = "B751",
      year           = "2015",
      pages          = "215-219",
      doi            = "10.1016/j.physletb.2015.10.038",
      eprint         = "1502.04407",
      archivePrefix  = "arXiv",
      primaryClass   = "hep-ph",
      SLACcitation   = "%%CITATION = ARXIV:1502.04407;%%"
}
@article{Du:2015wha,
      author         = "Du, Xiaojian and Rapp, Ralf",
      title          = "{Sequential Regeneration of Charmonia in Heavy-Ion
                        Collisions}",
      journal        = "Nucl. Phys.",
      volume         = "A943",
      year           = "2015",
      pages          = "147-158",
      doi            = "10.1016/j.nuclphysa.2015.09.006",
      eprint         = "1504.00670",
      archivePrefix  = "arXiv",
      primaryClass   = "hep-ph",
      SLACcitation   = "%%CITATION = ARXIV:1504.00670;%%"
}
@techreport{ATLAS-CONF-2016-109,
      title         = "{Study of $J/\psi\to\mu^+\mu^-$ and
                       $\psi\mathrm{(2S)}\to\mu^+\mu^-$ production with 2015 \PbPb
                       data at $\sqrt{s_{\mathrm{NN}}} = 5.02~\mathrm {TeV}$ and
                       \pp data at $\sqrt{s} = 5.02~\mathrm {TeV}$ with the ATLAS
                       detector}",
      institution   = "CERN",
      collaboration = "ATLAS Collaboration",
      address       = "Geneva",
      number        = "ATLAS-CONF-2016-109",
      month         = "Sep",
      year          = "2016",
      reportNumber  = "ATLAS-CONF-2016-109",
      url           = "https://cds.cern.ch/record/2220771",
}
@article{Khachatryan:2016ypw,
      author         = "Khachatryan, Vardan and others",
      title          = "{Suppression and azimuthal anisotropy of prompt and
                        nonprompt ${\mathrm{J}}/\psi $ production in PbPb
                        collisions at $\sqrt{{s_{_{\text {NN}}}}} =2.76$
                        $\,\mathrm{TeV}$}",
      collaboration  = "CMS",
      journal        = "Eur. Phys. J.",
      volume         = "C77",
      year           = "2017",
      number         = "4",
      pages          = "252",
      doi            = "10.1140/epjc/s10052-017-4781-1",
      eprint         = "1610.00613",
      archivePrefix  = "arXiv",
      primaryClass   = "nucl-ex",
      reportNumber   = "CMS-HIN-14-005, CERN-EP-2016-243",
      SLACcitation   = "%%CITATION = ARXIV:1610.00613;%%"
}
@article{Adare:2011yf,
      author         = "Adare, A. and others",
      title          = "{$J/\psi$ suppression at forward rapidity in Au+Au
                        collisions at $\sqrt{s_{NN}}=200$ GeV}",
      collaboration  = "PHENIX",
      journal        = "Phys. Rev.",
      volume         = "C84",
      year           = "2011",
      pages          = "054912",
      doi            = "10.1103/PhysRevC.84.054912",
      eprint         = "1103.6269",
      archivePrefix  = "arXiv",
      primaryClass   = "nucl-ex",
      SLACcitation   = "%%CITATION = ARXIV:1103.6269;%%"
}
@article{Abelev:2013ila,
      author         = "Abelev, Betty Bezverkhny and others",
      title          = "{Centrality, rapidity and transverse momentum dependence
                        of $J/\psi$ suppression in Pb-Pb collisions at
                        $\sqrt{s_{\rm NN}}$=2.76 TeV}",
      collaboration  = "ALICE",
      journal        = "Phys. Lett.",
      volume         = "B734",
      year           = "2014",
      pages          = "314-327",
      doi            = "10.1016/j.physletb.2014.05.064",
      eprint         = "1311.0214",
      archivePrefix  = "arXiv",
      primaryClass   = "nucl-ex",
      reportNumber   = "CERN-PH-EP-2013-203",
      SLACcitation   = "%%CITATION = ARXIV:1311.0214;%%"
}
@article{Adam:2016rdg,
      author         = "Adam, Jaroslav and others",
      title          = "{J/$\psi$ suppression at forward rapidity in Pb-Pb
                        collisions at $\mathbf{\sqrt{s_{{\rm NN}}} = 5.02}$ TeV}",
      collaboration  = "ALICE",
      journal        = "Phys. Lett.",
      volume         = "B766",
      year           = "2017",
      pages          = "212-224",
      doi            = "10.1016/j.physletb.2016.12.064",
      eprint         = "1606.08197",
      archivePrefix  = "arXiv",
      primaryClass   = "nucl-ex",
      reportNumber   = "CERN-EP-2016-162",
      SLACcitation   = "%%CITATION = ARXIV:1606.08197;%%"
}
@article{Wang:1996yh,
      author         = "Wang, Xin-Nian and Huang, Zheng and Sarcevic, Ina",
      title          = "{Jet quenching in the opposite direction of a tagged
                        photon in high-energy heavy ion collisions}",
      journal        = "Phys. Rev. Lett.",
      volume         = "77",
      year           = "1996",
      pages          = "231-234",
      doi            = "10.1103/PhysRevLett.77.231",
      eprint         = "hep-ph/9605213",
      archivePrefix  = "arXiv",
      primaryClass   = "hep-ph",
      reportNumber   = "LBL-38455, AZPH-TH-96-09",
      SLACcitation   = "%%CITATION = HEP-PH/9605213;%%"
}
@article{Aad:2010bu,
      author         = "Aad, Georges and others",
      title          = "{Observation of a Centrality-Dependent Dijet Asymmetry in
                        Lead-Lead Collisions at $\sqrt{s_{NN}}=2.77$ TeV with the
                        ATLAS Detector at the LHC}",
      collaboration  = "ATLAS",
      journal        = "Phys. Rev. Lett.",
      volume         = "105",
      year           = "2010",
      pages          = "252303",
      doi            = "10.1103/PhysRevLett.105.252303",
      eprint         = "1011.6182",
      archivePrefix  = "arXiv",
      primaryClass   = "hep-ex",
      SLACcitation   = "%%CITATION = ARXIV:1011.6182;%%"
}
@techreport{ATLAS-CONF-2012-121,
      title         = "{Measurement of the correlation of jets with high $p_{T}$
                       isolated prompt photons in lead-lead collisions at
                       $sqrt{s_{NN}} =2.76}$ TeV with the ATLAS detector at the
                       LHC}",
      institution   = "CERN",
      collaboration = "ATLAS Collaboration",
      address       = "Geneva",
      number        = "ATLAS-CONF-2012-121",
      month         = "Aug",
      year          = "2012",
      reportNumber  = "ATLAS-CONF-2012-121",
      url           = "https://cds.cern.ch/record/1473135",
}
@techreport{ATLAS-CONF-2015-052,
      title         = "{Measurement of dijet $p_{\mathrm{T}}$ correlations in
                       Pb+Pb and $pp$ collisions at $\sqrt{s_{\mathrm{NN}}}=2.76$
                       TeV with the ATLAS detector}",
      institution   = "CERN",
      address       = "Geneva",
      number        = "ATLAS-CONF-2015-052",
      month         = "Sep",
      year          = "2015",
      reportNumber  = "ATLAS-CONF-2015-052",
      url           = "https://cds.cern.ch/record/2055673",
}
@article{Aad:2014bxa,
      author         = "Aad, Georges and others",
      title          = "{Measurements of the Nuclear Modification Factor for Jets
                        in Pb+Pb Collisions at $\sqrt{s_{\mathrm{NN}}}=2.76$ TeV
                        with the ATLAS Detector}",
      collaboration  = "ATLAS",
      journal        = "Phys. Rev. Lett.",
      volume         = "114",
      year           = "2015",
      number         = "7",
      pages          = "072302",
      doi            = "10.1103/PhysRevLett.114.072302",
      eprint         = "1411.2357",
      archivePrefix  = "arXiv",
      primaryClass   = "hep-ex",
      reportNumber   = "CERN-PH-EP-2014-172",
      SLACcitation   = "%%CITATION = ARXIV:1411.2357;%%"
}
@article{Liu:2015vna,
      author         = "Liu, Zhi-Quan and Zhang, Hanzhong and Zhang, Ben-Wei and
                        Wang, Enke",
      title          = "{Quantifying jet transport properties via large $p_T$
                        hadron production}",
      journal        = "Eur. Phys. J.",
      volume         = "C76",
      year           = "2016",
      number         = "1",
      pages          = "20",
      doi            = "10.1140/epjc/s10052-016-3885-3",
      eprint         = "1506.02840",
      archivePrefix  = "arXiv",
      primaryClass   = "nucl-th",
      SLACcitation   = "%%CITATION = ARXIV:1506.02840;%%"
}
@article{Burke:2013yra,
      author         = "Burke, Karen M. and others",
      title          = "{Extracting the jet transport coefficient from jet
                        quenching in high-energy heavy-ion collisions}",
      collaboration  = "JET",
      journal        = "Phys. Rev.",
      volume         = "C90",
      year           = "2014",
      number         = "1",
      pages          = "014909",
      doi            = "10.1103/PhysRevC.90.014909",
      eprint         = "1312.5003",
      archivePrefix  = "arXiv",
      primaryClass   = "nucl-th",
      reportNumber   = "NT-LBNL-13-011",
      SLACcitation   = "%%CITATION = ARXIV:1312.5003;%%"
}
@article{Xu:2015bbz,
      author         = "Xu, Jiechen and Liao, Jinfeng and Gyulassy, Miklos",
      title          = "{Bridging Soft-Hard Transport Properties of Quark-Gluon
                        Plasmas with CUJET3.0}",
      journal        = "JHEP",
      volume         = "02",
      year           = "2016",
      pages          = "169",
      doi            = "10.1007/JHEP02(2016)169",
      eprint         = "1508.00552",
      archivePrefix  = "arXiv",
      primaryClass   = "hep-ph",
      SLACcitation   = "%%CITATION = ARXIV:1508.00552;%%"
}

@article{Chien:2015vja,
      author         = "Chien, Yang-Ting and Emerman, Alexander and Kang,
                        Zhong-Bo and Ovanesyan, Grigory and Vitev, Ivan",
      title          = "{Jet Quenching from QCD Evolution}",
      journal        = "Phys. Rev.",
      volume         = "D93",
      year           = "2016",
      number         = "7",
      pages          = "074030",
      doi            = "10.1103/PhysRevD.93.074030",
      eprint         = "1509.02936",
      archivePrefix  = "arXiv",
      primaryClass   = "hep-ph",
      reportNumber   = "ACFI-T15-13",
      SLACcitation   = "%%CITATION = ARXIV:1509.02936;%%"
}
@article{CMS:2012aa,
      author         = "Chatrchyan, Serguei and others",
      title          = "{Study of high-pT charged particle suppression in PbPb
                        compared to $pp$ collisions at $\sqrt{s_{NN}}=2.76$ TeV}",
      collaboration  = "CMS",
      journal        = "Eur. Phys. J.",
      volume         = "C72",
      year           = "2012",
      pages          = "1945",
      doi            = "10.1140/epjc/s10052-012-1945-x",
      eprint         = "1202.2554",
      archivePrefix  = "arXiv",
      primaryClass   = "nucl-ex",
      reportNumber   = "CMS-HIN-10-005, CERN-PH-EP-2012-043",
      SLACcitation   = "%%CITATION = ARXIV:1202.2554;%%"
}
@article{Aad:2015wga,
      author         = "Aad, Georges and others",
      title          = "{Measurement of charged-particle spectra in Pb+Pb
                        collisions at $\sqrt{{s}_\mathsf{{NN}}} = 2.76$ TeV with
                        the ATLAS detector at the LHC}",
      collaboration  = "ATLAS",
      journal        = "JHEP",
      volume         = "09",
      year           = "2015",
      pages          = "050",
      doi            = "10.1007/JHEP09(2015)050",
      eprint         = "1504.04337",
      archivePrefix  = "arXiv",
      primaryClass   = "hep-ex",
      reportNumber   = "CERN-PH-EP-2015-032",
      SLACcitation   = "%%CITATION = ARXIV:1504.04337;%%"
}
@article{Abelev:2012hxa,
      author         = "Abelev, Betty and others",
      title          = "{Centrality Dependence of Charged Particle Production at
                        Large Transverse Momentum in Pb--Pb Collisions at
                        $\sqrt{s_{\rm{NN}}} = 2.76$ TeV}",
      collaboration  = "ALICE",
      journal        = "Phys. Lett.",
      volume         = "B720",
      year           = "2013",
      pages          = "52-62",
      doi            = "10.1016/j.physletb.2013.01.051",
      eprint         = "1208.2711",
      archivePrefix  = "arXiv",
      primaryClass   = "hep-ex",
      reportNumber   = "CERN-PH-EP-2012-233",
      SLACcitation   = "%%CITATION = ARXIV:1208.2711;%%"
}
@article{Adams:2003kv,
      author         = "Adams, J. and others",
      title          = "{Transverse momentum and collision energy dependence of
                        high p(T) hadron suppression in Au+Au collisions at
                        ultrarelativistic energies}",
      collaboration  = "STAR",
      journal        = "Phys. Rev. Lett.",
      volume         = "91",
      year           = "2003",
      pages          = "172302",
      doi            = "10.1103/PhysRevLett.91.172302",
      eprint         = "nucl-ex/0305015",
      archivePrefix  = "arXiv",
      primaryClass   = "nucl-ex",
      SLACcitation   = "%%CITATION = NUCL-EX/0305015;%%"
}

@article{Adare:2012wg,
      author         = "Adare, A. and others",
      title          = "{Neutral pion production with respect to centrality and
                        reaction plane in Au$+$Au collisions at
                        $\sqrt{s_{NN}}$=200 GeV}",
      collaboration  = "PHENIX",
      journal        = "Phys. Rev.",
      volume         = "C87",
      year           = "2013",
      number         = "3",
      pages          = "034911",
      doi            = "10.1103/PhysRevC.87.034911",
      eprint         = "1208.2254",
      archivePrefix  = "arXiv",
      primaryClass   = "nucl-ex",
      SLACcitation   = "%%CITATION = ARXIV:1208.2254;%%"
}
@article{Alt:2007cd,
      author         = "Alt, C. and others",
      title          = "{High Transverse Momentum Hadron Spectra at s(NN)**(1/2)
                        = 17.3-GeV, in Pb+Pb and p+p Collisions, Measured by
                        CERN-NA49}",
      collaboration  = "NA49",
      journal        = "Phys. Rev.",
      volume         = "C77",
      year           = "2008",
      pages          = "034906",
      doi            = "10.1103/PhysRevC.77.034906",
      eprint         = "0711.0547",
      archivePrefix  = "arXiv",
      primaryClass   = "nucl-ex",
      SLACcitation   = "%%CITATION = ARXIV:0711.0547;%%"
}
@article{dEnterria:2004cly,
      author         = "d'Enterria, David G.",
      title          = "{Indications of suppressed high p(T) hadron production in
                        nucleus - nucleus collisions at CERN-SPS}",
      journal        = "Phys. Lett.",
      volume         = "B596",
      year           = "2004",
      pages          = "32-43",
      doi            = "10.1016/j.physletb.2004.06.071",
      eprint         = "nucl-ex/0403055",
      archivePrefix  = "arXiv",
      primaryClass   = "nucl-ex",
      SLACcitation   = "%%CITATION = NUCL-EX/0403055;%%"
}
@article{Aggarwal:2001gn,
      author         = "Aggarwal, M. M. and others",
      title          = "{Transverse mass distributions of neutral pions from
                        Pb-208 induced reactions at 158-A-GeV}",
      collaboration  = "WA98",
      journal        = "Eur. Phys. J.",
      volume         = "C23",
      year           = "2002",
      pages          = "225-236",
      doi            = "10.1007/s100520100886",
      eprint         = "nucl-ex/0108006",
      archivePrefix  = "arXiv",
      primaryClass   = "nucl-ex",
      SLACcitation   = "%%CITATION = NUCL-EX/0108006;%%"
}
@article{Baier:1996sk,
      author         = "Baier, R. and Dokshitzer, Yuri L. and Mueller, Alfred H.
                        and Peigne, S. and Schiff, D.",
      title          = "{Radiative energy loss and p(T) broadening of high-energy
                        partons in nuclei}",
      journal        = "Nucl. Phys.",
      volume         = "B484",
      year           = "1997",
      pages          = "265-282",
      doi            = "10.1016/S0550-3213(96)00581-0",
      eprint         = "hep-ph/9608322",
      archivePrefix  = "arXiv",
      primaryClass   = "hep-ph",
      reportNumber   = "CU-TP-760, BI-TP-96-26, LPTHE-ORSAY-96-61",
      SLACcitation   = "%%CITATION = HEP-PH/9608322;%%"
}
@article{Thoma:1990fm,
      author         = "Thoma, Markus H. and Gyulassy, Miklos",
      title          = "{Quark Damping and Energy Loss in the High Temperature
                        {QCD}}",
      journal        = "Nucl. Phys.",
      volume         = "B351",
      year           = "1991",
      pages          = "491-506",
      doi            = "10.1016/S0550-3213(05)80031-8",
      reportNumber   = "LBL-29276",
      SLACcitation   = "%%CITATION = NUPHA,B351,491;%%"
}
@techreport{CMS-PAS-HIN-15-015,
      title         = "{Measurement of the charged particle nuclear modification
                       factor in PbPb collisions at $\sqrt{s_{\rm
                       NN}}=5.02~\mathrm{TeV}$}",
      institution   = "CERN",
      collaboration = "CMS Collaboration",
      address       = "Geneva",
      number        = "CMS-PAS-HIN-15-015",
      year          = "2016",
      reportNumber  = "CMS-PAS-HIN-15-015",
      url           = "https://cds.cern.ch/record/2155301",
}
 
@article{Altarelli:1977zs,
      author         = "Altarelli, Guido and Parisi, G.",
      title          = "{Asymptotic Freedom in Parton Language}",
      journal        = "Nucl. Phys.",
      volume         = "B126",
      year           = "1977",
      pages          = "298-318",
      doi            = "10.1016/0550-3213(77)90384-4",
      reportNumber   = "LPTENS-77-6",
      SLACcitation   = "%%CITATION = NUPHA,B126,298;%%"
}
@article{Qin:2015srf,
      author         = "Qin, Guang-You and Wang, Xin-Nian",
      title          = "{Jet quenching in high-energy heavy-ion collisions}",
      journal        = "Int. J. Mod. Phys.",
      volume         = "E24",
      year           = "2015",
      number         = "11",
      pages          = "1530014",
      doi            = "10.1142/S0218301315300143, 10.1142/9789814663717_0007",
      note           = "[,309(2016)]",
      eprint         = "1511.00790",
      archivePrefix  = "arXiv",
      primaryClass   = "hep-ph",
      SLACcitation   = "%%CITATION = ARXIV:1511.00790;%%"
}
@article{Cronin:1974zm,
      author         = "Cronin, J. W. and Frisch, Henry J. and Shochet, M. J. and
                        Boymond, J. P. and Mermod, R. and Piroue, P. A. and
                        Sumner, Richard L.",
      title          = "{Production of hadrons with large transverse momentum at
                        200, 300, and 400 GeV}",
      booktitle      = "{High energy physics. Proceedings, 17th International
                        Conference, ICHEP 1974, London, England, July 01-July 10,
                        1974}",
      journal        = "Phys. Rev.",
      volume         = "D11",
      year           = "1975",
      pages          = "3105-3123",
      doi            = "10.1103/PhysRevD.11.3105",
      reportNumber   = "PRINT-74-1181 (EFI,CHICAGO), FERMILAB-CONF-74-148-E",
      SLACcitation   = "%%CITATION = PHRVA,D11,3105;%%"
}
@article{Hirai:2007sx,
      author         = "Hirai, M. and Kumano, S. and Nagai, T. -H.",
      title          = "{Determination of nuclear parton distribution functions
                        and their uncertainties in next-to-leading order}",
      journal        = "Phys. Rev.",
      volume         = "C76",
      year           = "2007",
      pages          = "065207",
      doi            = "10.1103/PhysRevC.76.065207",
      eprint         = "0709.3038",
      archivePrefix  = "arXiv",
      primaryClass   = "hep-ph",
      reportNumber   = "KEK-TH-1013",
      SLACcitation   = "%%CITATION = ARXIV:0709.3038;%%"
}
@article{Eskola:2008ca,
      author         = "Eskola, Kari J. and Paukkunen, Hannu and Salgado, Carlos
                        A.",
      title          = "{An Improved global analysis of nuclear parton
                        distribution functions including RHIC data}",
      journal        = "JHEP",
      volume         = "07",
      year           = "2008",
      pages          = "102",
      doi            = "10.1088/1126-6708/2008/07/102",
      eprint         = "0802.0139",
      archivePrefix  = "arXiv",
      primaryClass   = "hep-ph",
      reportNumber   = "HIP-2008-03-TH",
      SLACcitation   = "%%CITATION = ARXIV:0802.0139;%%"
}
@article{Eskola:2007my,
      author         = "Eskola, Kari J. and Kolhinen, Vesa J. and Paukkunen,
                        Hannu and Salgado, Carlos A.",
      title          = "{A Global reanalysis of nuclear parton distribution
                        functions}",
      journal        = "JHEP",
      volume         = "05",
      year           = "2007",
      pages          = "002",
      doi            = "10.1088/1126-6708/2007/05/002",
      eprint         = "hep-ph/0703104",
      archivePrefix  = "arXiv",
      primaryClass   = "hep-ph",
      reportNumber   = "HIP-2007-10-TH, ROMA1-1448-2007",
      SLACcitation   = "%%CITATION = HEP-PH/0703104;%%"
}
@article{Eskola:1998df,
      author         = "Eskola, K. J. and Kolhinen, V. J. and Salgado, C. A.",
      title          = "{The Scale dependent nuclear effects in parton
                        distributions for practical applications}",
      journal        = "Eur. Phys. J.",
      volume         = "C9",
      year           = "1999",
      pages          = "61-68",
      doi            = "10.1007/s100520050513, 10.1007/s100529900005",
      eprint         = "hep-ph/9807297",
      archivePrefix  = "arXiv",
      primaryClass   = "hep-ph",
      reportNumber   = "JYFL-8-98, US-FT-14-98",
      SLACcitation   = "%%CITATION = HEP-PH/9807297;%%"
}
@article{Eskola:1998iy,
      author         = "Eskola, K. J. and Kolhinen, V. J. and Ruuskanen, P. V.",
      title          = "{Scale evolution of nuclear parton distributions}",
      journal        = "Nucl. Phys.",
      volume         = "B535",
      year           = "1998",
      pages          = "351-371",
      doi            = "10.1016/S0550-3213(98)00589-6",
      eprint         = "hep-ph/9802350",
      archivePrefix  = "arXiv",
      primaryClass   = "hep-ph",
      reportNumber   = "CERN-TH-97-345, JYFL-2-98",
      SLACcitation   = "%%CITATION = HEP-PH/9802350;%%"
}
@article{Eskola:2009uj,
      author         = "Eskola, K. J. and Paukkunen, H. and Salgado, C. A.",
      title          = "{EPS09: A New Generation of NLO and LO Nuclear Parton
                        Distribution Functions}",
      journal        = "JHEP",
      volume         = "04",
      year           = "2009",
      pages          = "065",
      doi            = "10.1088/1126-6708/2009/04/065",
      eprint         = "0902.4154",
      archivePrefix  = "arXiv",
      primaryClass   = "hep-ph",
      SLACcitation   = "%%CITATION = ARXIV:0902.4154;%%"
}




@article{Bjorken,
      author         = "Bjorken, J. D.",
      title          = "{Highly Relativistic Nucleus Nucleus Collisions: The Central Rapidity Region}",
      journal        = "Phys. Rev.",
      volume         = "D27",
      year           = "1983",
      pages          = "140-151",
      doi            = "10.1103/PhysRevD.27.140",
      reportNumber   = "FERMILAB-PUB-82-044-THY, FERMILAB-PUB-82-044-T",
      SLACcitation   = "%%CITATION = PHRVA,D27,140;%%"
}
@article{Hands,
author = {Hands, S. },
title = {The phase diagram of QCD},
journal = {Contemporary Physics},
volume = {42},
number = {4},
pages = {209-225},
year = {2001},
doi = {10.1080/00107510110063843},
}
@article{Sandor:2004bg,
      author         = "Sandor, Ladislav and others",
      title          = "{Results on hyperon production from the NA57 experiment}",
      collaboration  = "NA57",
      journal        = "Acta Phys. Hung.",
      volume         = "A22",
      year           = "2005",
      pages          = "113-120",
      doi            = "10.1556/APH.22.2005.1-2.12",
      eprint         = "nucl-ex/0404030",
      archivePrefix  = "arXiv",
      primaryClass   = "nucl-ex",
      SLACcitation   = "%%CITATION = NUCL-EX/0404030;%%"
}
@article{PhysRevLett.48.1066,
  title = {Strangeness Production in the Quark-Gluon Plasma},
  author = {Rafelski, Johann and M\"uller, Berndt},
  journal = {Phys. Rev. Lett.},
  volume = {48},
  issue = {16},
  pages = {1066--1069},
  numpages = {0},
  year = {1982},
  month = {Apr},
  publisher = {American Physical Society},
  doi = {10.1103/PhysRevLett.48.1066},
  url = {https://link.aps.org/doi/10.1103/PhysRevLett.48.1066}
}
@article{Muller:2011tu,
      author         = "Muller, Berndt",
      title          = "{Strangeness and the Quark-Gluon Plasma: Thirty Years of
                        Discovery}",
      booktitle      = "{Proceedings, International Conference on Strangeness in
                        Quark Matter (SQM 2011): Cracow, Poland, September 18-24,
                        2011. Plenary talks}",
      journal        = "Acta Phys. Polon.",
      volume         = "B43",
      year           = "2012",
      pages          = "761",
      doi            = "10.5506/APhysPolB.43.761",
      eprint         = "1112.5382",
      archivePrefix  = "arXiv",
      primaryClass   = "nucl-th",
      SLACcitation   = "%%CITATION = ARXIV:1112.5382;%%"
}
@article{Abreu:2000ni,
      author         = "Abreu, M. C. and others",
      title          = "{Evidence for deconfinement of quarks and gluons from the
                        J / psi suppression pattern measured in Pb + Pb collisions
                        at the CERN SPS}",
      collaboration  = "NA50",
      journal        = "Phys. Lett.",
      volume         = "B477",
      year           = "2000",
      pages          = "28-36",
      doi            = "10.1016/S0370-2693(00)00237-9",
      reportNumber   = "CERN-EP-2000-013",
      SLACcitation   = "%%CITATION = PHLTA,B477,28;%%"
}
@article{Digal:2001ue,
      author         = "Digal, S. and Petreczky, P. and Satz, H.",
      title          = "{Quarkonium feed down and sequential suppression}",
      journal        = "Phys. Rev.",
      volume         = "D64",
      year           = "2001",
      pages          = "094015",
      doi            = "10.1103/PhysRevD.64.094015",
      eprint         = "hep-ph/0106017",
      archivePrefix  = "arXiv",
      primaryClass   = "hep-ph",
      reportNumber   = "BI-TP-2001-09",
      SLACcitation   = "%%CITATION = HEP-PH/0106017;%%"
}
@article{BraunMunzinger:2003zd,
      author         = "Braun-Munzinger, Peter and Redlich, Krzysztof and
                        Stachel, Johanna",
      title          = "{Particle production in heavy ion collisions}",
      year           = "2003",
      doi            = "10.1142/9789812795533_0008",
      eprint         = "nucl-th/0304013",
      archivePrefix  = "arXiv",
      primaryClass   = "nucl-th",
      reportNumber   = "GSI-PREPRINT-2003-13",
      SLACcitation   = "%%CITATION = NUCL-TH/0304013;%%"
}
@article{Adler:2003cb,
      author         = "Adler, S. S. and others",
      title          = "{Identified charged particle spectra and yields in Au+Au
                        collisions at S(NN)**1/2 = 200-GeV}",
      collaboration  = "PHENIX",
      journal        = "Phys. Rev.",
      volume         = "C69",
      year           = "2004",
      pages          = "034909",
      doi            = "10.1103/PhysRevC.69.034909",
      eprint         = "nucl-ex/0307022",
      archivePrefix  = "arXiv",
      primaryClass   = "nucl-ex",
      SLACcitation   = "%%CITATION = NUCL-EX/0307022;%%"
}
@article{Arsene:2005mr,
      author         = "Arsene, I. and others",
      title          = "{Centrality dependent particle production at y=0 and y ~
                        1 in Au + Au collisions at s(NN)**(1/2) = 200-GeV}",
      collaboration  = "BRAHMS",
      journal        = "Phys. Rev.",
      volume         = "C72",
      year           = "2005",
      pages          = "014908",
      doi            = "10.1103/PhysRevC.72.014908",
      eprint         = "nucl-ex/0503010",
      archivePrefix  = "arXiv",
      primaryClass   = "nucl-ex",
      SLACcitation   = "%%CITATION = NUCL-EX/0503010;%%"
}

@article{Andronic:2008gu,
      author         = "Andronic, A. and Braun-Munzinger, P. and Stachel, J.",
      title          = "{Thermal hadron production in relativistic nuclear
                        collisions: The Hadron mass spectrum, the horn, and the
                        QCD phase transition}",
      journal        = "Phys. Lett.",
      volume         = "B673",
      year           = "2009",
      pages          = "142-145",
      doi            = "10.1016/j.physletb.2009.02.014,
                        10.1016/j.physletb.2009.06.021",
      note           = "[Erratum: Phys. Lett.B678,516(2009)]",
      eprint         = "0812.1186",
      archivePrefix  = "arXiv",
      primaryClass   = "nucl-th",
      SLACcitation   = "%%CITATION = ARXIV:0812.1186;%%"
}
@article{Cleymans:2006xj,
      author         = "Cleymans, J. and Kraus, I. and Oeschler, H. and Redlich,
                        K. and Wheaton, S.",
      title          = "{Statistical model predictions for particle ratios at
                        s(NN)**(1/2) = 5.5-TeV}",
      journal        = "Phys. Rev.",
      volume         = "C74",
      year           = "2006",
      pages          = "034903",
      doi            = "10.1103/PhysRevC.74.034903",
      eprint         = "hep-ph/0604237",
      archivePrefix  = "arXiv",
      primaryClass   = "hep-ph",
      SLACcitation   = "%%CITATION = HEP-PH/0604237;%%"
}
@article{Abelev:2012wca,
      author         = "Abelev, Betty and others",
      title          = "{Pion, Kaon, and Proton Production in Central Pb--Pb
                        Collisions at $\sqrt{s_{NN}} = 2.76$ TeV}",
      collaboration  = "ALICE",
      journal        = "Phys. Rev. Lett.",
      volume         = "109",
      year           = "2012",
      pages          = "252301",
      doi            = "10.1103/PhysRevLett.109.252301",
      eprint         = "1208.1974",
      archivePrefix  = "arXiv",
      primaryClass   = "hep-ex",
      reportNumber   = "CERN-PH-EP-2012-230",
      SLACcitation   = "%%CITATION = ARXIV:1208.1974;%%"
}

@article{Abelev:2008ab,
      author         = "Abelev, B. I. and others",
      title          = "{Systematic Measurements of Identified Particle Spectra
                        in $p p, d^+$ Au and Au+Au Collisions from STAR}",
      collaboration  = "STAR",
      journal        = "Phys. Rev.",
      volume         = "C79",
      year           = "2009",
      pages          = "034909",
      doi            = "10.1103/PhysRevC.79.034909",
      eprint         = "0808.2041",
      archivePrefix  = "arXiv",
      primaryClass   = "nucl-ex",
      SLACcitation   = "%%CITATION = ARXIV:0808.2041;%%"
}
@article{Andronic:2014zha,
      author         = "Andronic, Anton",
      title          = "{An overview of the experimental study of quark-gluon
                        matter in high-energy nucleus-nucleus collisions}",
      booktitle      = "{Proceedings, 26th International Symposium on Lepton
                        Photon Interactions at High Energy (LP13): San Francisco,
                        United States, June 24-29, 2013}",
      journal        = "Int. J. Mod. Phys.",
      volume         = "A29",
      year           = "2014",
      pages          = "1430047",
      doi            = "10.1142/S0217751X14300476",
      eprint         = "1407.5003",
      archivePrefix  = "arXiv",
      primaryClass   = "nucl-ex",
      SLACcitation   = "%%CITATION = ARXIV:1407.5003;%%"
}

@article{Petran:2013lja,
      author         = "Petrán, Michal and Letessier, Jean and Petráček,
                        Vojtěch and Rafelski, Johann",
      title          = "{Hadron production and quark-gluon plasma hadronization
                        in Pb-Pb collisions at $\sqrt{s_{NN}}=2.76$ TeV}",
      journal        = "Phys. Rev.",
      volume         = "C88",
      year           = "2013",
      number         = "3",
      pages          = "034907",
      doi            = "10.1103/PhysRevC.88.034907",
      eprint         = "1303.2098",
      archivePrefix  = "arXiv",
      primaryClass   = "hep-ph",
      reportNumber   = "CERN-PH-TH-2012-262",
      SLACcitation   = "%%CITATION = ARXIV:1303.2098;%%"
}
@article{Bellwied:2013cta,
      author         = "Bellwied, Rene and Borsanyi, Szabolcs and Fodor, Zoltan
                        and Katz, Sandor D and Ratti, Claudia",
      title          = "{Is there a flavor hierarchy in the deconfinement
                        transition of QCD?}",
      journal        = "Phys. Rev. Lett.",
      volume         = "111",
      year           = "2013",
      pages          = "202302",
      doi            = "10.1103/PhysRevLett.111.202302",
      eprint         = "1305.6297",
      archivePrefix  = "arXiv",
      primaryClass   = "hep-lat",
      SLACcitation   = "%%CITATION = ARXIV:1305.6297;%%"
}

@article{Gustafsson:1984ka,
      author         = "Gustafsson, H. A. and others",
      title          = "{Collective Flow Observed in Relativistic Nuclear
                        Collisions}",
      journal        = "Phys. Rev. Lett.",
      volume         = "52",
      year           = "1984",
      pages          = "1590-1593",
      doi            = "10.1103/PhysRevLett.52.1590",
      SLACcitation   = "%%CITATION = PRLTA,52,1590;%%"
}

@article{Arnaldi:2007ru,
      author         = "Arnaldi, R. and others",
      title          = "{Evidence for radial flow of thermal dileptons in
                        high-energy nuclear collisions}",
      collaboration  = "NA60",
      journal        = "Phys. Rev. Lett.",
      volume         = "100",
      year           = "2008",
      pages          = "022302",
      doi            = "10.1103/PhysRevLett.100.022302",
      eprint         = "0711.1816",
      archivePrefix  = "arXiv",
      primaryClass   = "nucl-ex",
      SLACcitation   = "%%CITATION = ARXIV:0711.1816;%%"
}
@article{Appelshauser:1998yb,
      author         = "Appelshauser, H. and others",
      title          = "{Baryon stopping and charged particle distributions in
                        central Pb + Pb collisions at 158-GeV per nucleon}",
      collaboration  = "NA49",
      journal        = "Phys. Rev. Lett.",
      volume         = "82",
      year           = "1999",
      pages          = "2471-2475",
      doi            = "10.1103/PhysRevLett.82.2471",
      eprint         = "nucl-ex/9810014",
      archivePrefix  = "arXiv",
      primaryClass   = "nucl-ex",
      SLACcitation   = "%%CITATION = NUCL-EX/9810014;%%"
}

@article{Schnedermann:1993ws,
      author         = "Schnedermann, Ekkard and Sollfrank, Josef and Heinz,
                        Ulrich W.",
      title          = "{Thermal phenomenology of hadrons from 200-A/GeV S+S
                        collisions}",
      journal        = "Phys. Rev.",
      volume         = "C48",
      year           = "1993",
      pages          = "2462-2475",
      doi            = "10.1103/PhysRevC.48.2462",
      eprint         = "nucl-th/9307020",
      archivePrefix  = "arXiv",
      primaryClass   = "nucl-th",
      reportNumber   = "TPR-93-16",
      SLACcitation   = "%%CITATION = NUCL-TH/9307020;%%"
}
@article{Schnedermann:1993ws,
      author         = "Schnedermann, Ekkard and Sollfrank, Josef and Heinz,
                        Ulrich W.",
      title          = "{Thermal phenomenology of hadrons from 200-A/GeV S+S
                        collisions}",
      journal        = "Phys. Rev.",
      volume         = "C48",
      year           = "1993",
      pages          = "2462-2475",
      doi            = "10.1103/PhysRevC.48.2462",
      eprint         = "nucl-th/9307020",
      archivePrefix  = "arXiv",
      primaryClass   = "nucl-th",
      reportNumber   = "TPR-93-16",
      SLACcitation   = "%%CITATION = NUCL-TH/9307020;%%"
}

@article{Jacazio:2017dvy,
      author         = "Nicoì O. Jacazio",
      title          = "{Production of identified and unidentified charged
                        hadrons in Pb--Pb collisions at \sqrt{s_{\rm
                        NN}}~5.02~TeV}",
      collaboration  = "ALICE",
      year           = "2017",
      eprint         = "1704.06030",
      archivePrefix  = "arXiv",
      primaryClass   = "nucl-ex",
      SLACcitation   = "%%CITATION = ARXIV:1704.06030;%%"
}
@article{Gyulassy:2000gk,
      author         = "Gyulassy, M. and Vitev, I. and Wang, X. N.",
      title          = "{High p(T) azimuthal asymmetry in noncentral A+A at
                        RHIC}",
      journal        = "Phys. Rev. Lett.",
      volume         = "86",
      year           = "2001",
      pages          = "2537-2540",
      doi            = "10.1103/PhysRevLett.86.2537",
      eprint         = "nucl-th/0012092",
      archivePrefix  = "arXiv",
      primaryClass   = "nucl-th",
      SLACcitation   = "%%CITATION = NUCL-TH/0012092;%%"
}

@article{Aad:2013xma,
      author         = "Aad, Georges and others",
      title          = "{Measurement of the distributions of event-by-event flow
                        harmonics in lead-lead collisions at = 2.76 TeV with the
                        ATLAS detector at the LHC}",
      collaboration  = "ATLAS",
      journal        = "JHEP",
      volume         = "11",
      year           = "2013",
      pages          = "183",
      doi            = "10.1007/JHEP11(2013)183",
      eprint         = "1305.2942",
      archivePrefix  = "arXiv",
      primaryClass   = "hep-ex",
      reportNumber   = "CERN-PH-EP-2013-04",
      SLACcitation   = "%%CITATION = ARXIV:1305.2942;%%"
}
@article{Schukraft:2012ah,
      author         = "Schukraft, Jurgen and Timmins, Anthony and Voloshin,
                        Sergei A.",
      title          = "{Ultra-relativistic nuclear collisions: event shape
                        engineering}",
      journal        = "Phys. Lett.",
      volume         = "B719",
      year           = "2013",
      pages          = "394-398",
      doi            = "10.1016/j.physletb.2013.01.045",
      eprint         = "1208.4563",
      archivePrefix  = "arXiv",
      primaryClass   = "nucl-ex",
      SLACcitation   = "%%CITATION = ARXIV:1208.4563;%%"
}

@article{ATLAS:2012at,
      author         = "Aad, Georges and others",
      title          = "{Measurement of the azimuthal anisotropy for charged
                        particle production in $\sqrt{s_{NN}}=2.76$ TeV lead-lead
                        collisions with the ATLAS detector}",
      collaboration  = "ATLAS",
      journal        = "Phys. Rev.",
      volume         = "C86",
      year           = "2012",
      pages          = "014907",
      doi            = "10.1103/PhysRevC.86.014907",
      eprint         = "1203.3087",
      archivePrefix  = "arXiv",
      primaryClass   = "hep-ex",
      reportNumber   = "CERN-PH-EP-2012-035",
      SLACcitation   = "%%CITATION = ARXIV:1203.3087;%%"
}
@article{Molnar:2003ff,
      author         = "Molnar, Denes and Voloshin, Sergei A.",
      title          = "{Elliptic flow at large transverse momenta from quark
                        coalescence}",
      journal        = "Phys. Rev. Lett.",
      volume         = "91",
      year           = "2003",
      pages          = "092301",
      doi            = "10.1103/PhysRevLett.91.092301",
      eprint         = "nucl-th/0302014",
      archivePrefix  = "arXiv",
      primaryClass   = "nucl-th",
      SLACcitation   = "%%CITATION = NUCL-TH/0302014;%%"
}

@article{Bertens:2017krr,
      author         = "Bertens, R. A.",
      title          = "{Anisotropic flow of inclusive and identified particles
                        in Pb--Pb collisions at $\sqrt{s_{\rm NN}} = 5.02$ TeV}",
      collaboration  = "ALICE",
      year           = "2017",
      eprint         = "1704.03028",
      archivePrefix  = "arXiv",
      primaryClass   = "nucl-ex",
      SLACcitation   = "%%CITATION = ARXIV:1704.03028;%%"
}

@article{ATLAS:2012at,
      author         = "Aad, Georges and others",
      title          = "{Measurement of the azimuthal anisotropy for charged
                        particle production in $\sqrt{s_{NN}}=2.76$ TeV lead-lead
                        collisions with the ATLAS detector}",
      collaboration  = "ATLAS",
      journal        = "Phys. Rev.",
      volume         = "C86",
      year           = "2012",
      pages          = "014907",
      doi            = "10.1103/PhysRevC.86.014907",
      eprint         = "1203.3087",
      archivePrefix  = "arXiv",
      primaryClass   = "hep-ex",
      reportNumber   = "CERN-PH-EP-2012-035",
      SLACcitation   = "%%CITATION = ARXIV:1203.3087;%%"
}


@article{Adare:2011tg,
      author         = "Adare, A. and others",
      title          = "{Measurements of Higher-Order Flow Harmonics in Au+Au
                        Collisions at $\sqrt{s_{NN}} = 200$ GeV}",
      collaboration  = "PHENIX",
      journal        = "Phys. Rev. Lett.",
      volume         = "107",
      year           = "2011",
      pages          = "252301",
      doi            = "10.1103/PhysRevLett.107.252301",
      eprint         = "1105.3928",
      archivePrefix  = "arXiv",
      primaryClass   = "nucl-ex",
      SLACcitation   = "%%CITATION = ARXIV:1105.3928;%%"
}


@article{Pandit:2012mq,
      author         = "Pandit, Yadav",
      title          = "{Beam Energy Dependence of First and Higher Order Flow
                        Harmonics from the STAR Experiment at RHIC}",
      booktitle      = "{Proceedings, 23rd International Conference on
                        Ultrarelativistic Nucleus-Nucleus Collisions : Quark
                        Matter 2012 (QM 2012): Washington, DC, USA, August 13-18,
                        2012}",
      collaboration  = "STAR",
      journal        = "Nucl. Phys.",
      volume         = "A904-905",
      year           = "2013",
      pages          = "357c-360c",
      doi            = "10.1016/j.nuclphysa.2013.02.023",
      eprint         = "1210.5315",
      archivePrefix  = "arXiv",
      primaryClass   = "nucl-ex",
      reportNumber   = "NUPHA19534",
      SLACcitation   = "%%CITATION = ARXIV:1210.5315;%%"
}

@article{Gale:2012rq,
      author         = "Gale, Charles and Jeon, Sangyong and Schenke, Björn and
                        Tribedy, Prithwish and Venugopalan, Raju",
      title          = "{Event-by-event anisotropic flow in heavy-ion collisions
                        from combined Yang-Mills and viscous fluid dynamics}",
      journal        = "Phys. Rev. Lett.",
      volume         = "110",
      year           = "2013",
      number         = "1",
      pages          = "012302",
      doi            = "10.1103/PhysRevLett.110.012302",
      eprint         = "1209.6330",
      archivePrefix  = "arXiv",
      primaryClass   = "nucl-th",
      SLACcitation   = "%%CITATION = ARXIV:1209.6330;%%"
}

@article{Adam:2015ptt,
      author         = "Adam, Jaroslav and others",
      title          = "{Centrality dependence of the charged-particle
                        multiplicity density at midrapidity in Pb-Pb collisions at
                        $\sqrt{s_{\rm NN}}$ = 5.02 TeV}",
      collaboration  = "ALICE",
      journal        = "Phys. Rev. Lett.",
      volume         = "116",
      year           = "2016",
      number         = "22",
      pages          = "222302",
      doi            = "10.1103/PhysRevLett.116.222302",
      eprint         = "1512.06104",
      archivePrefix  = "arXiv",
      primaryClass   = "nucl-ex",
      reportNumber   = "CERN-PH-EP-2015-324, ALICE-PUBLIC-2015-008",
      SLACcitation   = "%%CITATION = ARXIV:1512.06104;%%"
}
@article{ALICE:2012xs,
      author         = "Abelev, Betty and others",
      title          = "{Pseudorapidity density of charged particles in $p$ + Pb
                        collisions at $\sqrt{s_{NN}}=5.02$ TeV}",
      collaboration  = "ALICE",
      journal        = "Phys. Rev. Lett.",
      volume         = "110",
      year           = "2013",
      number         = "3",
      pages          = "032301",
      doi            = "10.1103/PhysRevLett.110.032301",
      eprint         = "1210.3615",
      archivePrefix  = "arXiv",
      primaryClass   = "nucl-ex",
      reportNumber   = "CERN-PH-EP-2012-307",
      SLACcitation   = "%%CITATION = ARXIV:1210.3615;%%"
}

@article{Aamodt:2010cz,
      author         = "Aamodt, Kenneth and others",
      title          = "{Centrality dependence of the charged-particle
                        multiplicity density at mid-rapidity in Pb-Pb collisions
                        at $\sqrt{s_{NN}}=2.76$ TeV}",
      collaboration  = "ALICE",
      journal        = "Phys. Rev. Lett.",
      volume         = "106",
      year           = "2011",
      pages          = "032301",
      doi            = "10.1103/PhysRevLett.106.032301",
      eprint         = "1012.1657",
      archivePrefix  = "arXiv",
      primaryClass   = "nucl-ex",
      reportNumber   = "CERN-PH-EP-2010-071",
      SLACcitation   = "%%CITATION = ARXIV:1012.1657;%%"
}

@article{Adam:2015gka,
      author         = "Adam, Jaroslav and others",
      title          = "{Charged-particle multiplicities in proton–proton
                        collisions at $\sqrt{s} = 0.9$ to 8 TeV}",
      collaboration  = "ALICE",
      journal        = "Eur. Phys. J.",
      volume         = "C77",
      year           = "2017",
      number         = "1",
      pages          = "33",
      doi            = "10.1140/epjc/s10052-016-4571-1",
      eprint         = "1509.07541",
      archivePrefix  = "arXiv",
      primaryClass   = "nucl-ex",
      reportNumber   = "CERN-PH-EP-2015-259",
      SLACcitation   = "%%CITATION = ARXIV:1509.07541;%%"
}
@article{Albacete:2011fw,
      author         = "Albacete, Javier L. and Dumitru, Adrian and Nara,
                        Yasushi",
      title          = "{CGC initial conditions at RHIC and LHC}",
      booktitle      = "{Proceedings, 27th Winter Workshop on Nuclear Physics
                        (WWND 2011: Winter Park, USA, February 6-13. 2011}",
      journal        = "J. Phys. Conf. Ser.",
      volume         = "316",
      year           = "2011",
      pages          = "012011",
      doi            = "10.1088/1742-6596/316/1/012011",
      eprint         = "1106.0978",
      archivePrefix  = "arXiv",
      primaryClass   = "nucl-th",
      SLACcitation   = "%%CITATION = ARXIV:1106.0978;%%"
}

@article{Kharzeev:2004if,
      author         = "Kharzeev, Dmitri and Levin, Eugene and Nardi, Marzia",
      title          = "{Color glass condensate at the LHC: Hadron multiplicities
                        in pp, pA and AA collisions}",
      journal        = "Nucl. Phys.",
      volume         = "A747",
      year           = "2005",
      pages          = "609-629",
      doi            = "10.1016/j.nuclphysa.2004.10.018",
      eprint         = "hep-ph/0408050",
      archivePrefix  = "arXiv",
      primaryClass   = "hep-ph",
      reportNumber   = "BNL-NT-04-26, BNL---NT---04-26",
      SLACcitation   = "%%CITATION = HEP-PH/0408050;%%"
}

@article{Armesto:2004ud,
      author         = "Armesto, Nestor and Salgado, Carlos A. and Wiedemann, Urs
                        Achim",
      title          = "{Relating high-energy lepton-hadron, proton-nucleus and
                        nucleus-nucleus collisions through geometric scaling}",
      journal        = "Phys. Rev. Lett.",
      volume         = "94",
      year           = "2005",
      pages          = "022002",
      doi            = "10.1103/PhysRevLett.94.022002",
      eprint         = "hep-ph/0407018",
      archivePrefix  = "arXiv",
      primaryClass   = "hep-ph",
      reportNumber   = "CERN-PH-TH-2004-121",
      SLACcitation   = "%%CITATION = HEP-PH/0407018;%%"
}

@article{Bjorken:1982qr,
      author         = "Bjorken, J. D.",
      title          = "{Highly Relativistic Nucleus-Nucleus Collisions: The
                        Central Rapidity Region}",
      journal        = "Phys. Rev.",
      volume         = "D27",
      year           = "1983",
      pages          = "140-151",
      doi            = "10.1103/PhysRevD.27.140",
      reportNumber   = "FERMILAB-PUB-82-044-THY, FERMILAB-PUB-82-044-T",
      SLACcitation   = "%%CITATION = PHRVA,D27,140;%%"
}

@article{Chatrchyan:2012mb,
      author         = "Chatrchyan, Serguei and others",
      title          = "{Measurement of the pseudorapidity and centrality
                        dependence of the transverse energy density in PbPb
                        collisions at $\sqrt{s_{NN}}=2.76$ TeV}",
      collaboration  = "CMS",
      journal        = "Phys. Rev. Lett.",
      volume         = "109",
      year           = "2012",
      pages          = "152303",
      doi            = "10.1103/PhysRevLett.109.152303",
      eprint         = "1205.2488",
      archivePrefix  = "arXiv",
      primaryClass   = "nucl-ex",
      reportNumber   = "CMS-HIN-11-003, CERN-PH-EP-2012-116",
      SLACcitation   = "%%CITATION = ARXIV:1205.2488;%%"
}

@article{Philipsen:2012nu,
      author         = "Philipsen, Owe",
      title          = "{The QCD equation of state from the lattice}",
      journal        = "Prog. Part. Nucl. Phys.",
      volume         = "70",
      year           = "2013",
      pages          = "55-107",
      doi            = "10.1016/j.ppnp.2012.09.003",
      eprint         = "1207.5999",
      archivePrefix  = "arXiv",
      primaryClass   = "hep-lat",
      SLACcitation   = "%%CITATION = ARXIV:1207.5999;%%"
}

@article{Borsanyi:2011bn,
      author         = "Borsanyi, Szabolcs and Endrodi, Gergely and Fodor, Zoltan
                        and Hoelbling, Christian and Katz, Sandor and Krieg,
                        Stefan and Ratti, Claudia and Szabo, Kalman K.",
      title          = "{Transition temperature and the equation of state from
                        lattice QCD, Wuppertal-Budapest results}",
      booktitle      = "{Proceedings, 27th Winter Workshop on Nuclear Physics
                        (WWND 2011: Winter Park, USA, February 6-13. 2011}",
      collaboration  = "Wuppertal-Budapest",
      journal        = "J. Phys. Conf. Ser.",
      volume         = "316",
      year           = "2011",
      pages          = "012020",
      doi            = "10.1088/1742-6596/316/1/012020",
      eprint         = "1109.5032",
      archivePrefix  = "arXiv",
      primaryClass   = "hep-lat",
      SLACcitation   = "%%CITATION = ARXIV:1109.5032;%%"
}
@article{Karsch:2001vs,
      author         = "Karsch, Frithjof",
      title          = "{Lattice results on QCD thermodynamics}",
      booktitle      = "{Quark matter 2001. Proceedings, 15th International
                        Conference on Ultrarelativistic nucleus nucleus
                        collisions, QM 2001, Stony Brook, USA, January 15-20,
                        2001}",
      journal        = "Nucl. Phys.",
      volume         = "A698",
      year           = "2002",
      pages          = "199-208",
      doi            = "10.1016/S0375-9474(01)01365-3",
      eprint         = "hep-ph/0103314",
      archivePrefix  = "arXiv",
      primaryClass   = "hep-ph",
      reportNumber   = "BI-TP-2001-06",
      SLACcitation   = "%%CITATION = HEP-PH/0103314;%%"
}



@article{Damjanovic:2005ni,
      author         = "Damjanovic, S. and others",
      title          = "{First measurement of the rho spectral function in
                        nuclear collisions}",
      booktitle      = "{Proceedings, 18th International Conference on
                        Ultra-Relativistic Nucleus-Nucleus Collisions (Quark
                        Matter 2005): Budapest, Hungary, August 4-9, 2005}",
      collaboration  = "NA60",
      journal        = "Nucl. Phys.",
      volume         = "A774",
      year           = "2006",
      pages          = "715-718",
      doi            = "10.1016/j.nuclphysa.2006.06.121",
      eprint         = "nucl-ex/0510044",
      archivePrefix  = "arXiv",
      primaryClass   = "nucl-ex",
      SLACcitation   = "%%CITATION = NUCL-EX/0510044;%%"
}
@article{Rapp:2012zq,
      author         = "Rapp, Ralf",
      title          = "{Update on Chiral Symmetry Restoration in the Context of
                        Dilepton Data}",
      booktitle      = "{Proceedings, 11th International Conference on
                        Nucleus-Nucleus Collisions (NN2012): San Antonio, Texas,
                        May 27-June 1, 2012}",
      year           = "2012",
      doi            = "10.1088/1742-6596/420/1/012017",
      note           = "[J. Phys. Conf. Ser.420,012017(2013)]",
      eprint         = "1210.3660",
      archivePrefix  = "arXiv",
      primaryClass   = "hep-ph",
      SLACcitation   = "%%CITATION = ARXIV:1210.3660;%%"
}

@article{BraunMunzinger:2007tn,
      author         = "Braun-Munzinger, P.",
      title          = "{Quarkonium production in ultra-relativistic nuclear
                        collisions: Suppression versus enhancement}",
      booktitle      = "{Proceedings, 19th International Conference on
                        Ultra-Relativistic nucleus-nucleus collisions (Quark
                        Matter 2006): Shanghai, P.R. China, November 14-20, 2006}",
      journal        = "J. Phys.",
      volume         = "G34",
      year           = "2007",
      pages          = "S471-478",
      doi            = "10.1088/0954-3899/34/8/S36",
      eprint         = "nucl-th/0701093",
      archivePrefix  = "arXiv",
      primaryClass   = "NUCL-TH",
      SLACcitation   = "%%CITATION = NUCL-TH/0701093;%%"
}
@article{Zhang:2007dm,
      author         = "Zhang, Ben-Wei and Ko, Che-Ming and Liu, Wei",
      title          = "{Thermal charm production in a quark-gluon plasma in
                        Pb-Pb collisions at s**(1/2)(NN) = 5.5-TeV}",
      journal        = "Phys. Rev.",
      volume         = "C77",
      year           = "2008",
      pages          = "024901",
      doi            = "10.1103/PhysRevC.77.024901",
      eprint         = "0709.1684",
      archivePrefix  = "arXiv",
      primaryClass   = "nucl-th",
      SLACcitation   = "%%CITATION = ARXIV:0709.1684;%%"
}
@article{Liu:2012ax,
      author         = "Liu, Fu-Ming and Liu, Sheng-Xu",
      title          = "{Quark-gluon plasma formation time and direct photons
                        from heavy ion collisions}",
      journal        = "Phys. Rev.",
      volume         = "C89",
      year           = "2014",
      number         = "3",
      pages          = "034906",
      doi            = "10.1103/PhysRevC.89.034906",
      eprint         = "1212.6587",
      archivePrefix  = "arXiv",
      primaryClass   = "nucl-th",
      SLACcitation   = "%%CITATION = ARXIV:1212.6587;%%"
}
@article{Cacciari:2012ny,
      author         = "Cacciari, Matteo and Frixione, Stefano and Houdeau,
                        Nicolas and Mangano, Michelangelo L. and Nason, Paolo and
                        Ridolfi, Giovanni",
      title          = "{Theoretical predictions for charm and bottom production
                        at the LHC}",
      journal        = "JHEP",
      volume         = "10",
      year           = "2012",
      pages          = "137",
      doi            = "10.1007/JHEP10(2012)137",
      eprint         = "1205.6344",
      archivePrefix  = "arXiv",
      primaryClass   = "hep-ph",
      reportNumber   = "CERN-PH-TH-2011-227",
      SLACcitation   = "%%CITATION = ARXIV:1205.6344;%%"
}
@article{Mangano:1997ri,
      author         = "Mangano, Michelangelo L.",
      title          = "{Two lectures on heavy quark production in hadronic
                        collisions}",
      booktitle      = "{Heavy flavor physics: A probe of nature's grand design.
                        Proceedings, 137th Course of the International School of
                        Physics 'Enrico Fermi', Varenna, Italy, July 8-18, 1997}",
      journal        = "Proc. Int. Sch. Phys. Fermi",
      volume         = "137",
      year           = "1998",
      pages          = "95-137",
      doi            = "10.3254/978-1-61499-222-6-95",
      eprint         = "hep-ph/9711337",
      archivePrefix  = "arXiv",
      primaryClass   = "hep-ph",
      reportNumber   = "CERN-TH-97-328",
      SLACcitation   = "%%CITATION = HEP-PH/9711337;%%"
}
@article{Cacciari:1998it,
      author         = "Cacciari, Matteo and Greco, Mario and Nason, Paolo",
      title          = "{The P(T) spectrum in heavy flavor hadroproduction}",
      journal        = "JHEP",
      volume         = "05",
      year           = "1998",
      pages          = "007",
      doi            = "10.1088/1126-6708/1998/05/007",
      eprint         = "hep-ph/9803400",
      archivePrefix  = "arXiv",
      primaryClass   = "hep-ph",
      reportNumber   = "CERN-TH-98-77, LPTHE-ORSAY-98-11, IFUM-613-FT,
                        LNF-98-008-P",
      SLACcitation   = "%%CITATION = HEP-PH/9803400;%%"
}
@article{Cacciari:2001td,
      author         = "Cacciari, Matteo and Frixione, Stefano and Nason, Paolo",
      title          = "{The p(T) spectrum in heavy flavor photoproduction}",
      journal        = "JHEP",
      volume         = "03",
      year           = "2001",
      pages          = "006",
      doi            = "10.1088/1126-6708/2001/03/006",
      eprint         = "hep-ph/0102134",
      archivePrefix  = "arXiv",
      primaryClass   = "hep-ph",
      reportNumber   = "BICOCCA-FT-01-01, GEF-TH-2-01, YITP-SB-01-01",
      SLACcitation   = "%%CITATION = HEP-PH/0102134;%%"
}
@article{Kniehl:2004fy,
      author         = "Kniehl, B. A. and Kramer, G. and Schienbein, I. and
                        Spiesberger, H.",
      title          = "{Inclusive D*+- production in p anti-p collisions with
                        massive charm quarks}",
      journal        = "Phys. Rev.",
      volume         = "D71",
      year           = "2005",
      pages          = "014018",
      doi            = "10.1103/PhysRevD.71.014018",
      eprint         = "hep-ph/0410289",
      archivePrefix  = "arXiv",
      primaryClass   = "hep-ph",
      reportNumber   = "DESY-04-172, MZ-TH-04-07",
      SLACcitation   = "%%CITATION = HEP-PH/0410289;%%"
}
@article{Kartvelishvili:1977pi,
      author         = "Kartvelishvili, V. G. and Likhoded, A. K. and Petrov, V.
                        A.",
      title          = "{On the Fragmentation Functions of Heavy Quarks Into
                        Hadrons}",
      journal        = "Phys. Lett.",
      volume         = "78B",
      year           = "1978",
      pages          = "615-617",
      doi            = "10.1016/0370-2693(78)90653-6",
      reportNumber   = "IFVE-77-128",
      SLACcitation   = "%%CITATION = PHLTA,78B,615;%%"
}
@article{Cacciari:2005uk,
      author         = "Cacciari, Matteo and Nason, Paolo and Oleari, Carlo",
      title          = "{A Study of heavy flavored meson fragmentation functions
                        in e+ e- annihilation}",
      journal        = "JHEP",
      volume         = "04",
      year           = "2006",
      pages          = "006",
      doi            = "10.1088/1126-6708/2006/04/006",
      eprint         = "hep-ph/0510032",
      archivePrefix  = "arXiv",
      primaryClass   = "hep-ph",
      reportNumber   = "BICOCCA-FT-05-23, LPTHE-05-24",
      SLACcitation   = "%%CITATION = HEP-PH/0510032;%%"
}
@article{Heister:2001jg,
      author         = "Heister, A. and others",
      title          = "{Study of the fragmentation of b quarks into B mesons at
                        the Z peak}",
      collaboration  = "ALEPH",
      journal        = "Phys. Lett.",
      volume         = "B512",
      year           = "2001",
      pages          = "30-48",
      doi            = "10.1016/S0370-2693(01)00690-6",
      eprint         = "hep-ex/0106051",
      archivePrefix  = "arXiv",
      primaryClass   = "hep-ex",
      reportNumber   = "CERN-EP-2001-039",
      SLACcitation   = "%%CITATION = HEP-EX/0106051;%%"
}
@article{Abbiendi:2002vt,
      author         = "Abbiendi, G. and others",
      title          = "{Inclusive analysis of the b quark fragmentation function
                        in Z decays at LEP}",
      collaboration  = "OPAL",
      journal        = "Eur. Phys. J.",
      volume         = "C29",
      year           = "2003",
      pages          = "463-478",
      doi            = "10.1140/epjc/s2003-01229-x",
      eprint         = "hep-ex/0210031",
      archivePrefix  = "arXiv",
      primaryClass   = "hep-ex",
      reportNumber   = "CERN-EP-2002-051",
      SLACcitation   = "%%CITATION = HEP-EX/0210031;%%"
}
@article{Khachatryan:2011mk,
      author         = "Khachatryan, Vardan and others",
      title          = "{Measurement of the $B^+$ Production Cross Section in pp
                        Collisions at $\sqrt{s} = 7$~TeV}",
      collaboration  = "CMS",
      journal        = "Phys. Rev. Lett.",
      volume         = "106",
      year           = "2011",
      pages          = "112001",
      doi            = "10.1103/PhysRevLett.106.112001",
      eprint         = "1101.0131",
      archivePrefix  = "arXiv",
      primaryClass   = "hep-ex",
      reportNumber   = "CERN-PH-EP-2010-087, CMS-BPH-10-004",
      SLACcitation   = "%%CITATION = ARXIV:1101.0131;%%"
}
@article{Chatrchyan:2011pw,
      author         = "Chatrchyan, Serguei and others",
      title          = "{Measurement of the $B^0$ production cross section in
                        $pp$ Collisions at $\sqrt{s}=7$ TeV}",
      collaboration  = "CMS",
      journal        = "Phys. Rev. Lett.",
      volume         = "106",
      year           = "2011",
      pages          = "252001",
      doi            = "10.1103/PhysRevLett.106.252001",
      eprint         = "1104.2892",
      archivePrefix  = "arXiv",
      primaryClass   = "hep-ex",
      reportNumber   = "CERN-PH-EP-2011-034, CMS-BPH-10-005",
      SLACcitation   = "%%CITATION = ARXIV:1104.2892;%%"
}
@article{Barate:1999bg,
      author         = "Barate, R. and others",
      title          = "{Study of charm production in Z decays}",
      collaboration  = "ALEPH",
      journal        = "Eur. Phys. J.",
      volume         = "C16",
      year           = "2000",
      pages          = "597-611",
      doi            = "10.1007/s100520000421",
      eprint         = "hep-ex/9909032",
      archivePrefix  = "arXiv",
      primaryClass   = "hep-ex",
      reportNumber   = "CERN-EP-99-094",
      SLACcitation   = "%%CITATION = HEP-EX/9909032;%%"
}
@article{Cacciari:2003zu,
      author         = "Cacciari, Matteo and Nason, Paolo",
      title          = "{Charm cross-sections for the Tevatron Run II}",
      journal        = "JHEP",
      volume         = "09",
      year           = "2003",
      pages          = "006",
      doi            = "10.1088/1126-6708/2003/09/006",
      eprint         = "hep-ph/0306212",
      archivePrefix  = "arXiv",
      primaryClass   = "hep-ph",
      reportNumber   = "UPRF-2003-10, BICOCCA-FT-03-14",
      SLACcitation   = "%%CITATION = HEP-PH/0306212;%%"
}
@article{Acharya:2017jgo,
      author         = "Acharya, Shreyasi and others",
      title          = "{Measurement of D-meson production at mid-rapidity in pp
                        collisions at ${\sqrt{s}=7}$  TeV}",
      collaboration  = "ALICE",
      journal        = "Eur. Phys. J.",
      volume         = "C77",
      year           = "2017",
      number         = "8",
      pages          = "550",
      doi            = "10.1140/epjc/s10052-017-5090-4",
      eprint         = "1702.00766",
      archivePrefix  = "arXiv",
      primaryClass   = "hep-ex",
      reportNumber   = "CERN-EP-2017-020",
      SLACcitation   = "%%CITATION = ARXIV:1702.00766;%%"
}
@article{Sjostrand:2006za,
      author         = "Sjostrand, Torbjorn and Mrenna, Stephen and Skands, Peter
                        Z.",
      title          = "{PYTHIA 6.4 Physics and Manual}",
      journal        = "JHEP",
      volume         = "05",
      year           = "2006",
      pages          = "026",
      doi            = "10.1088/1126-6708/2006/05/026",
      eprint         = "hep-ph/0603175",
      archivePrefix  = "arXiv",
      primaryClass   = "hep-ph",
      reportNumber   = "FERMILAB-PUB-06-052-CD-T, LU-TP-06-13",
      SLACcitation   = "%%CITATION = HEP-PH/0603175;%%"
}
@article{Frixione:2002ik,
      author         = "Frixione, Stefano and Webber, Bryan R.",
      title          = "{Matching NLO QCD computations and parton shower
                        simulations}",
      journal        = "JHEP",
      volume         = "06",
      year           = "2002",
      pages          = "029",
      doi            = "10.1088/1126-6708/2002/06/029",
      eprint         = "hep-ph/0204244",
      archivePrefix  = "arXiv",
      primaryClass   = "hep-ph",
      reportNumber   = "CAVENDISH-HEP-02-01, LAPTH-905-02, GEF-TH-2-2002",
      SLACcitation   = "%%CITATION = HEP-PH/0204244;%%"
}
@article{Frixione:2007nw,
      author         = "Frixione, Stefano and Nason, Paolo and Ridolfi, Giovanni",
      title          = "{A Positive-weight next-to-leading-order Monte Carlo for
                        heavy flavour hadroproduction}",
      journal        = "JHEP",
      volume         = "09",
      year           = "2007",
      pages          = "126",
      doi            = "10.1088/1126-6708/2007/09/126",
      eprint         = "0707.3088",
      archivePrefix  = "arXiv",
      primaryClass   = "hep-ph",
      reportNumber   = "BICOCCA-FT-07-12, GEF-TH-19-2007",
      SLACcitation   = "%%CITATION = ARXIV:0707.3088;%%"
}
@article{Aubert:1983xm,
      author         = "Aubert, J. J. and others",
      title          = "{The ratio of the nucleon structure functions $F2_n$ for
                        iron and deuterium}",
      collaboration  = "European Muon",
      journal        = "Phys. Lett.",
      volume         = "123B",
      year           = "1983",
      pages          = "275-278",
      doi            = "10.1016/0370-2693(83)90437-9",
      reportNumber   = "CERN-EP/83-14",
      SLACcitation   = "%%CITATION = PHLTA,123B,275;%%"
}
@article{Seely:2009gt,
      author         = "Seely, J. and others",
      title          = "{New measurements of the EMC effect in very light
                        nuclei}",
      journal        = "Phys. Rev. Lett.",
      volume         = "103",
      year           = "2009",
      pages          = "202301",
      doi            = "10.1103/PhysRevLett.103.202301",
      eprint         = "0904.4448",
      archivePrefix  = "arXiv",
      primaryClass   = "nucl-ex",
      reportNumber   = "JLAB-PHY-09-956",
      SLACcitation   = "%%CITATION = ARXIV:0904.4448;%%"
}
@article{Acharya:2017hdv,
      author         = "Acharya, Shreyasi and others",
      title          = "{Production of muons from heavy-flavour hadron decays in
                        p-Pb collisions at $\mathbf{\sqrt{{\textit s}_{NN}} =
                        5.02}$ TeV}",
      collaboration  = "ALICE",
      journal        = "Phys. Lett.",
      volume         = "B770",
      year           = "2017",
      pages          = "459-472",
      doi            = "10.1016/j.physletb.2017.03.049",
      eprint         = "1702.01479",
      archivePrefix  = "arXiv",
      primaryClass   = "nucl-ex",
      reportNumber   = "CERN-EP-2017-022",
      SLACcitation   = "%%CITATION = ARXIV:1702.01479;%%"
}
@article{Abelev:2012qh,
      author         = "Abelev, Betty and others",
      title          = "{Production of muons from heavy flavour decays at forward
                        rapidity in pp and Pb-Pb collisions at $\sqrt {s_{NN}}$ =
                        2.76 TeV}",
      collaboration  = "ALICE",
      journal        = "Phys. Rev. Lett.",
      volume         = "109",
      year           = "2012",
      pages          = "112301",
      doi            = "10.1103/PhysRevLett.109.112301",
      eprint         = "1205.6443",
      archivePrefix  = "arXiv",
      primaryClass   = "hep-ex",
      reportNumber   = "CERN-PH-EP-2012-155",
      SLACcitation   = "%%CITATION = ARXIV:1205.6443;%%"
}
@article{Acharya:2017hdv,
      author         = "Acharya, Shreyasi and others",
      title          = "{Production of muons from heavy-flavour hadron decays in
                        p-Pb collisions at $\mathbf{\sqrt{{\textit s}_{NN}} =
                        5.02}$ TeV}",
      collaboration  = "ALICE",
      journal        = "Phys. Lett.",
      volume         = "B770",
      year           = "2017",
      pages          = "459-472",
      doi            = "10.1016/j.physletb.2017.03.049",
      eprint         = "1702.01479",
      archivePrefix  = "arXiv",
      primaryClass   = "nucl-ex",
      reportNumber   = "CERN-EP-2017-022",
      SLACcitation   = "%%CITATION = ARXIV:1702.01479;%%"
}
@article{Kang:2014hha,
      author         = "Kang, Zhong-Bo and Vitev, Ivan and Wang, Enke and Xing,
                        Hongxi and Zhang, Cheng",
      title          = "{Multiple scattering effects on heavy meson production in
                        p+A collisions at backward rapidity}",
      journal        = "Phys. Lett.",
      volume         = "B740",
      year           = "2015",
      pages          = "23-29",
      doi            = "10.1016/j.physletb.2014.11.024",
      eprint         = "1409.2494",
      archivePrefix  = "arXiv",
      primaryClass   = "hep-ph",
      reportNumber   = "LA-UR-14-27010",
      SLACcitation   = "%%CITATION = ARXIV:1409.2494;%%"
}
@article{Sharma:2009hn,
      author         = "Sharma, Rishi and Vitev, Ivan and Zhang, Ben-Wei",
      title          = "{Light-cone wave function approach to open heavy flavor
                        dynamics in QCD matter}",
      journal        = "Phys. Rev.",
      volume         = "C80",
      year           = "2009",
      pages          = "054902",
      doi            = "10.1103/PhysRevC.80.054902",
      eprint         = "0904.0032",
      archivePrefix  = "arXiv",
      primaryClass   = "hep-ph",
      SLACcitation   = "%%CITATION = ARXIV:0904.0032;%%"
}
@article{Mangano:1991jk,
      author         = "Mangano, Michelangelo L. and Nason, Paolo and Ridolfi,
                        Giovanni",
      title          = "{Heavy quark correlations in hadron collisions at
                        next-to-leading order}",
      journal        = "Nucl. Phys.",
      volume         = "B373",
      year           = "1992",
      pages          = "295-345",
      doi            = "10.1016/0550-3213(92)90435-E",
      reportNumber   = "IFUP-TH-32-91, UPRF-91-308, GEF-TH-10-1991A",
      SLACcitation   = "%%CITATION = NUPHA,B373,295;%%"
}
@article{Fujii:2017rqa,
      author         = "Fujii, Hirotsugu and Watanabe, Kazuhiro",
      title          = "{Nuclear modification of forward $D$ production in pPb
                        collisions at the LHC}",
      year           = "2017",
      eprint         = "1706.06728",
      archivePrefix  = "arXiv",
      primaryClass   = "hep-ph",
      reportNumber   = "JLAB-THY-17-2506",
      SLACcitation   = "%%CITATION = ARXIV:1706.06728;%%"
}
@article{Cacciari:2012ny,
      author         = "Cacciari, Matteo and Frixione, Stefano and Houdeau,
                        Nicolas and Mangano, Michelangelo L. and Nason, Paolo and
                        Ridolfi, Giovanni",
      title          = "{Theoretical predictions for charm and bottom production
                        at the LHC}",
      journal        = "JHEP",
      volume         = "10",
      year           = "2012",
      pages          = "137",
      doi            = "10.1007/JHEP10(2012)137",
      eprint         = "1205.6344",
      archivePrefix  = "arXiv",
      primaryClass   = "hep-ph",
      reportNumber   = "CERN-PH-TH-2011-227",
      SLACcitation   = "%%CITATION = ARXIV:1205.6344;%%"
}
@article{Eskola:2016oht,
      author         = "Eskola, Kari J. and Paakkinen, Petja and Paukkunen, Hannu
                        and Salgado, Carlos A.",
      title          = "{EPPS16: Nuclear parton distributions with LHC data}",
      journal        = "Eur. Phys. J.",
      volume         = "C77",
      year           = "2017",
      number         = "3",
      pages          = "163",
      doi            = "10.1140/epjc/s10052-017-4725-9",
      eprint         = "1612.05741",
      archivePrefix  = "arXiv",
      primaryClass   = "hep-ph",
      SLACcitation   = "%%CITATION = ARXIV:1612.05741;%%"
}
@article{Sharma:2009hn,
      author         = "Sharma, Rishi and Vitev, Ivan and Zhang, Ben-Wei",
      title          = "{Light-cone wave function approach to open heavy flavor
                        dynamics in QCD matter}",
      journal        = "Phys. Rev.",
      volume         = "C80",
      year           = "2009",
      pages          = "054902",
      doi            = "10.1103/PhysRevC.80.054902",
      eprint         = "0904.0032",
      archivePrefix  = "arXiv",
      primaryClass   = "hep-ph",
      SLACcitation   = "%%CITATION = ARXIV:0904.0032;%%"
}
@article{Kang:2014hha,
      author         = "Kang, Zhong-Bo and Vitev, Ivan and Wang, Enke and Xing,
                        Hongxi and Zhang, Cheng",
      title          = "{Multiple scattering effects on heavy meson production in
                        p+A collisions at backward rapidity}",
      journal        = "Phys. Lett.",
      volume         = "B740",
      year           = "2015",
      pages          = "23-29",
      doi            = "10.1016/j.physletb.2014.11.024",
      eprint         = "1409.2494",
      archivePrefix  = "arXiv",
      primaryClass   = "hep-ph",
      reportNumber   = "LA-UR-14-27010",
      SLACcitation   = "%%CITATION = ARXIV:1409.2494;%%"
}
@article{ALICEPAS2017008,
      title         = "{Preliminary Physics Summary: Measurement of prompt $D^0$,
                       $D^+$, $D^{*+}$ and $D_s^+$ production in p-Pb collisions
                       at $\sqrt{s_{\rm NN}}=5.02$ TeV}",
      collaboration = "ALICE Collaboration",
      month         = "Jul",
      year          = "2017",
      reportNumber  = "ALICE-PUBLIC-2017-008",
      url           = "https://cds.cern.ch/record/2272160",
}

@article{Alt:2003ab,
      author         = "Alt, C. and others",
      title          = "{Directed and elliptic flow of charged pions and protons
                        in Pb + Pb collisions at 40-A-GeV and 158-A-GeV}",
      collaboration  = "NA49",
      journal        = "Phys. Rev.",
      volume         = "C68",
      year           = "2003",
      pages          = "034903",
      doi            = "10.1103/PhysRevC.68.034903",
      eprint         = "nucl-ex/0303001",
      archivePrefix  = "arXiv",
      primaryClass   = "nucl-ex",
      SLACcitation   = "%%CITATION = NUCL-EX/0303001;%%"
}
@article{Baier:1996sk,
      author         = "Baier, R. and Dokshitzer, Yuri L. and Mueller, Alfred H.
                        and Peigne, S. and Schiff, D.",
      title          = "{Radiative energy loss and p(T) broadening of high-energy
                        partons in nuclei}",
      journal        = "Nucl. Phys.",
      volume         = "B484",
      year           = "1997",
      pages          = "265-282",
      doi            = "10.1016/S0550-3213(96)00581-0",
      eprint         = "hep-ph/9608322",
      archivePrefix  = "arXiv",
      primaryClass   = "hep-ph",
      reportNumber   = "CU-TP-760, BI-TP-96-26, LPTHE-ORSAY-96-61",
      SLACcitation   = "%%CITATION = HEP-PH/9608322;%%"
}

@article{Alessandro:2006yt,
      author         = "Fabjan, Christian Wolfgang and others",
      editor         = "Alessandro, B and Antinori, F and Belikov, J A and Blume,
                        C and Dainese, A and Foka, P and Giubellino, P and
                        Hippolyte, B and Kuhn, C and Martínez, G and others ",
      title          = "{ALICE: Physics performance report, volume II}",
      collaboration  = "ALICE",
      journal        = "J. Phys.",
      volume         = "G32",
      year           = "2006",
      pages          = "1295-2040",
      doi            = "10.1088/0954-3899/32/10/001",
      reportNumber   = "ALICE-TDR-13, CERN-LHCC-2005-030",
      SLACcitation   = "%%CITATION = JPAGA,G32,1295;%%"
}
@article{Salgado:2003gb,
      author         = "Salgado, Carlos A. and Wiedemann, Urs Achim",
      title          = "{Calculating quenching weights}",
      journal        = "Phys. Rev.",
      volume         = "D68",
      year           = "2003",
      pages          = "014008",
      doi            = "10.1103/PhysRevD.68.014008",
      eprint         = "hep-ph/0302184",
      archivePrefix  = "arXiv",
      primaryClass   = "hep-ph",
      reportNumber   = "CERN-TH-2003-030",
      SLACcitation   = "%%CITATION = HEP-PH/0302184;%%"
}
@article{Dokshitzer:1991fd,
      author         = "Dokshitzer, Yuri L. and Khoze, Valery A. and Troian, S.
                        I.",
      title          = "{On specific QCD properties of heavy quark fragmentation
                        ('dead cone')}",
      booktitle      = "{Jet Studies Workshop at LEP and HERA Durham, England,
                        December 9-15, 1990}",
      journal        = "J. Phys.",
      volume         = "G17",
      year           = "1991",
      pages          = "1602-1604",
      doi            = "10.1088/0954-3899/17/10/023",
      SLACcitation   = "%%CITATION = JPAGA,G17,1602;%%"
}
@article{Cao:2013ita,
      author         = "Cao, Shanshan and Qin, Guang-You and Bass, Steffen A.",
      title          = "{Heavy-quark dynamics and hadronization in
                        ultrarelativistic heavy-ion collisions: Collisional versus
                        radiative energy loss}",
      journal        = "Phys. Rev.",
      volume         = "C88",
      year           = "2013",
      pages          = "044907",
      doi            = "10.1103/PhysRevC.88.044907",
      eprint         = "1308.0617",
      archivePrefix  = "arXiv",
      primaryClass   = "nucl-th",
      SLACcitation   = "%%CITATION = ARXIV:1308.0617;%%"
}
@article{Peigne:2008nd,
      author         = "Peigne, Stephane and Peshier, Andre",
      title          = "{Collisional energy loss of a fast heavy quark in a
                        quark-gluon plasma}",
      journal        = "Phys. Rev.",
      volume         = "D77",
      year           = "2008",
      pages          = "114017",
      doi            = "10.1103/PhysRevD.77.114017",
      eprint         = "0802.4364",
      archivePrefix  = "arXiv",
      primaryClass   = "hep-ph",
      SLACcitation   = "%%CITATION = ARXIV:0802.4364;%%"
}
@article{ALICE-PUBLIC-2017-003,
      title         = "{Preliminary Physics Summary: Measurement of D$^0$, D$^+$,
                       D$^{*+}$ and D$_{\rm s}$ production in Pb-Pb collisions at
                       ${\sqrt{s}_{\rm NN}}=5.02$ TeV}",
      collaboration = "ALICE Collaboration",
      month         = "Jul",
      year          = "2017",
      reportNumber  = "ALICE-PUBLIC-2017-003",
      url           = "https://cds.cern.ch/record/2265109",
}
@article{Djordjevic:2013pba,
      author         = "Djordjevic, Magdalena",
      title          = "{Heavy flavor puzzle at LHC: a serendipitous interplay of
                        jet suppression and fragmentation}",
      journal        = "Phys. Rev. Lett.",
      volume         = "112",
      year           = "2014",
      number         = "4",
      pages          = "042302",
      doi            = "10.1103/PhysRevLett.112.042302",
      eprint         = "1307.4702",
      archivePrefix  = "arXiv",
      primaryClass   = "nucl-th",
      SLACcitation   = "%%CITATION = ARXIV:1307.4702;%%"
}
@article{Khachatryan:2016ypw,
      author         = "Khachatryan, Vardan and others",
      title          = "{Suppression and azimuthal anisotropy of prompt and
                        nonprompt ${\mathrm{J}}/\psi $ production in PbPb
                        collisions at $\sqrt{{s_{_{\text {NN}}}}} =2.76$
                        $\,\mathrm{TeV}$}",
      collaboration  = "CMS",
      journal        = "Eur. Phys. J.",
      volume         = "C77",
      year           = "2017",
      number         = "4",
      pages          = "252",
      doi            = "10.1140/epjc/s10052-017-4781-1",
      eprint         = "1610.00613",
      archivePrefix  = "arXiv",
      primaryClass   = "nucl-ex",
      reportNumber   = "CMS-HIN-14-005, CERN-EP-2016-243",
      SLACcitation   = "%%CITATION = ARXIV:1610.00613;%%"
}
@article{Adam:2016wyz,
      author         = "Adam, Jaroslav and others",
      title          = "{Measurement of electrons from beauty-hadron decays in
                        p-Pb collisions at $ \sqrt{s_{\mathrm{NN}}}=5.02 $ TeV and
                        Pb-Pb collisions at $ \sqrt{s_{\mathrm{NN}}}=2.76 $ TeV}",
      collaboration  = "ALICE",
      journal        = "JHEP",
      volume         = "07",
      year           = "2017",
      pages          = "052",
      doi            = "10.1007/JHEP07(2017)052",
      eprint         = "1609.03898",
      archivePrefix  = "arXiv",
      primaryClass   = "nucl-ex",
      reportNumber   = "CERN-EP-2016-222",
      SLACcitation   = "%%CITATION = ARXIV:1609.03898;%%"
}
@article{Adam:2016khe,
      author         = "Adam, Jaroslav and others",
      title          = "{Measurement of the production of high-$p_{\rm T}$
                        electrons from heavy-flavour hadron decays in Pb-Pb
                        collisions at $\mathbf{\sqrt{\it s_{\rm{NN}}}}$ = 2.76
                        TeV}",
      collaboration  = "ALICE",
      journal        = "Phys. Lett.",
      volume         = "B771",
      year           = "2017",
      pages          = "467-481",
      doi            = "10.1016/j.physletb.2017.05.060",
      eprint         = "1609.07104",
      archivePrefix  = "arXiv",
      primaryClass   = "nucl-ex",
      reportNumber   = "CERN-EP-2016-235",
      SLACcitation   = "%%CITATION = ARXIV:1609.07104;%%"
}
@article{Abelev:2014laa,
      author         = "Abelev, Betty Bezverkhny and others",
      title          = "{Production of charged pions, kaons and protons at large
                        transverse momenta in pp and Pb–Pb collisions at
                        $\sqrt{s_{\rm NN}}$ =2.76 TeV}",
      collaboration  = "ALICE",
      journal        = "Phys. Lett.",
      volume         = "B736",
      year           = "2014",
      pages          = "196-207",
      doi            = "10.1016/j.physletb.2014.07.011",
      eprint         = "1401.1250",
      archivePrefix  = "arXiv",
      primaryClass   = "nucl-ex",
      reportNumber   = "CERN-PH-EP-2013-230",
      SLACcitation   = "%%CITATION = ARXIV:1401.1250;%%"
}
@article{Adam:2015nna,
      author         = "Adam, Jaroslav and others",
      title          = "{Centrality dependence of high-p$_{T}$ D meson
                        suppression in Pb-Pb collisions at $
                        \sqrt{s_{\mathrm{N}\mathrm{N}}}=2.76 $ TeV}",
      collaboration  = "ALICE",
      journal        = "JHEP",
      volume         = "11",
      year           = "2015",
      pages          = "205",
      doi            = "10.1007/JHEP11(2015)205, 10.1007/JHEP06(2017)032",
      note           = "[Addendum: JHEP06,032(2017)]",
      eprint         = "1506.06604",
      archivePrefix  = "arXiv",
      primaryClass   = "nucl-ex",
      reportNumber   = "CERN-PH-EP-2015-151",
      SLACcitation   = "%%CITATION = ARXIV:1506.06604;%%"
}
@article{Sirunyan:2017plt,
      author         = "Sirunyan, Albert M and others",
      title          = "{Measurement of prompt $D^0$ meson azimuthal anisotropy
                        in PbPb collisions at $\sqrt{{s}_{NN}}$ = 5.02 TeV}",
      collaboration  = "CMS",
      year           = "2017",
      eprint         = "1708.03497",
      archivePrefix  = "arXiv",
      primaryClass   = "nucl-ex",
      reportNumber   = "CMS-HIN-16-007, CERN-EP-2017-174",
      SLACcitation   = "%%CITATION = ARXIV:1708.03497;%%"
}
@article{Acharya:2017qps,
      author         = "Acharya, Shreyasi and others",
      title          = "{D-meson azimuthal anisotropy in mid-central Pb-Pb
                        collisions at $\mathbf{\sqrt{s_{\rm NN}}=5.02}$ TeV}",
      collaboration  = "ALICE",
      year           = "2017",
      eprint         = "1707.01005",
      archivePrefix  = "arXiv",
      primaryClass   = "nucl-ex",
      reportNumber   = "CERN-EP-2017-153",
      SLACcitation   = "%%CITATION = ARXIV:1707.01005;%%"
}